<?xml version="1.0" encoding="UTF-8"?>
  <record xmlns="http://www.loc.gov/MARC21/slim" type="Authority">
    <leader>00000nz  a2200000nc 4500</leader>
    <controlfield tag="001">944198767</controlfield>
    <controlfield tag="003">DE-101</controlfield>
    <controlfield tag="005">20210122165102.0</controlfield>
    <controlfield tag="008">950308n||azznnaabn           | ana    |c</controlfield>
    <datafield tag="024" ind1="7" ind2=" ">
      <subfield code="a">5126920-X</subfield>
      <subfield code="0">http://d-nb.info/gnd/5126920-X</subfield>
      <subfield code="2">gnd</subfield>
    </datafield>
    <datafield tag="035" ind1=" " ind2=" ">
      <subfield code="a">(DE-101)944198767</subfield>
    </datafield>
    <datafield tag="035" ind1=" " ind2=" ">
      <subfield code="a">(DE-588)5126920-X</subfield>
    </datafield>
    <datafield tag="035" ind1=" " ind2=" ">
      <subfield code="z">(DE-588b)5126920-X</subfield>
      <subfield code="9">v:zg</subfield>
    </datafield>
    <datafield tag="040" ind1=" " ind2=" ">
      <subfield code="a">DE-1</subfield>
      <subfield code="c">DE-1</subfield>
      <subfield code="9">r:DE-1</subfield>
      <subfield code="b">ger</subfield>
      <subfield code="d">0023</subfield>
      <subfield code="e">rda</subfield>
    </datafield>
    <datafield tag="042" ind1=" " ind2=" ">
      <subfield code="a">gnd1</subfield>
    </datafield>
    <datafield tag="043" ind1=" " ind2=" ">
      <subfield code="c">XA-DXDE</subfield>
      <subfield code="c">XA-PL</subfield>
    </datafield>
    <datafield tag="065" ind1=" " ind2=" ">
      <subfield code="a">6.3a</subfield>
      <subfield code="2">sswd</subfield>
    </datafield>
    <datafield tag="075" ind1=" " ind2=" ">
      <subfield code="b">b</subfield>
      <subfield code="2">gndgen</subfield>
    </datafield>
    <datafield tag="075" ind1=" " ind2=" ">
      <subfield code="b">kiz</subfield>
      <subfield code="2">gndspec</subfield>
    </datafield>
    <datafield tag="079" ind1=" " ind2=" ">
      <subfield code="a">g</subfield>
      <subfield code="q">f</subfield>
      <subfield code="q">s</subfield>
      <subfield code="u">z</subfield>
    </datafield>
    <datafield tag="110" ind1="2" ind2=" ">
      <subfield code="a">Königliches Gymnasium</subfield>
      <subfield code="g">Stettin</subfield>
    </datafield>
    <datafield tag="410" ind1="2" ind2=" ">
      <subfield code="a">Königl. Gymnasium</subfield>
      <subfield code="g">Stettin</subfield>
    </datafield>
    <datafield tag="410" ind1="2" ind2=" ">
      <subfield code="a">Königliches Akademisches Gymnasium</subfield>
      <subfield code="g">Stettin</subfield>
    </datafield>
    <datafield tag="410" ind1="2" ind2=" ">
      <subfield code="a">Königl. Akademisches Gymnasium</subfield>
      <subfield code="g">Stettin</subfield>
    </datafield>
    <datafield tag="410" ind1="2" ind2=" ">
      <subfield code="a">Akademisches Gymnasium</subfield>
      <subfield code="g">Stettin</subfield>
    </datafield>
    <datafield tag="410" ind1="2" ind2=" ">
      <subfield code="a">Regium eoque Academicum apud Stetinenses Gymnasium</subfield>
    </datafield>
    <datafield tag="410" ind1="2" ind2=" ">
      <subfield code="a">Gymnasium Stetinense</subfield>
    </datafield>
    <datafield tag="410" ind1="2" ind2=" ">
      <subfield code="a">Gymnasium Regium Stetinense</subfield>
    </datafield>
    <datafield tag="410" ind1="2" ind2=" ">
      <subfield code="a">Gymnasium Stetinense Regium</subfield>
    </datafield>
    <datafield tag="410" ind1="2" ind2=" ">
      <subfield code="a">Gymnasium Carolinum</subfield>
      <subfield code="g">Stettin</subfield>
    </datafield>
    <datafield tag="510" ind1="2" ind2=" ">
      <subfield code="0">(DE-101)960195750</subfield>
      <subfield code="0">(DE-588)3046758-5</subfield>
      <subfield code="0">https://d-nb.info/gnd/3046758-5</subfield>
      <subfield code="a">Rats-Lyceum</subfield>
      <subfield code="g">Stettin</subfield>
      <subfield code="4">vorg</subfield>
      <subfield code="4">https://d-nb.info/standards/elementset/gnd#precedingCorporateBody</subfield>
      <subfield code="w">r</subfield>
      <subfield code="i">Vorgaenger</subfield>
      <subfield code="e">Vorgaenger</subfield>
    </datafield>
    <datafield tag="510" ind1="2" ind2=" ">
      <subfield code="0">(DE-101)00601139X</subfield>
      <subfield code="0">(DE-588)601139-1</subfield>
      <subfield code="0">https://d-nb.info/gnd/601139-1</subfield>
      <subfield code="a">Vereinigtes Königliches und Stadt-Gymnasium</subfield>
      <subfield code="g">Stettin</subfield>
      <subfield code="4">nach</subfield>
      <subfield code="4">https://d-nb.info/standards/elementset/gnd#succeedingCorporateBody</subfield>
      <subfield code="w">r</subfield>
      <subfield code="i">Nachfolger</subfield>
      <subfield code="e">Nachfolger</subfield>
    </datafield>
    <datafield tag="550" ind1=" " ind2=" ">
      <subfield code="0">(DE-101)040226484</subfield>
      <subfield code="0">(DE-588)4022648-7</subfield>
      <subfield code="0">https://d-nb.info/gnd/4022648-7</subfield>
      <subfield code="a">Gymnasium</subfield>
      <subfield code="4">obin</subfield>
      <subfield code="4">https://d-nb.info/standards/elementset/gnd#broaderTermInstantial</subfield>
      <subfield code="w">r</subfield>
      <subfield code="i">Oberbegriff instantiell</subfield>
    </datafield>
    <datafield tag="551" ind1=" " ind2=" ">
      <subfield code="0">(DE-101)040573923</subfield>
      <subfield code="0">(DE-588)4057392-8</subfield>
      <subfield code="0">https://d-nb.info/gnd/4057392-8</subfield>
      <subfield code="a">Stettin</subfield>
      <subfield code="4">orta</subfield>
      <subfield code="4">https://d-nb.info/standards/elementset/gnd#placeOfBusiness</subfield>
      <subfield code="w">r</subfield>
      <subfield code="i">Ort</subfield>
      <subfield code="9">X:1</subfield>
    </datafield>
    <datafield tag="551" ind1=" " ind2=" ">
      <subfield code="0">(DE-101)040467449</subfield>
      <subfield code="0">(DE-588)4046744-2</subfield>
      <subfield code="0">https://d-nb.info/gnd/4046744-2</subfield>
      <subfield code="a">Pommern</subfield>
      <subfield code="4">geow</subfield>
      <subfield code="4">https://d-nb.info/standards/elementset/gnd#spatialAreaOfActivity</subfield>
      <subfield code="w">r</subfield>
      <subfield code="i">Wirkungsraum</subfield>
    </datafield>
    <datafield tag="670" ind1=" " ind2=" ">
      <subfield code="a">GKD</subfield>
    </datafield>
    <datafield tag="913" ind1=" " ind2=" ">
      <subfield code="S">gkd</subfield>
      <subfield code="i">a</subfield>
      <subfield code="a">Königliches Gymnasium &lt;Stettin&gt;</subfield>
      <subfield code="0">(DE-588b)5126920-X</subfield>
    </datafield>
  </record>
